@Article{Lammich_2019,
  author    = {Lammich, Peter},
  title     = {Generating Verified LLVM from Isabelle/HOL},
  year      = {2019},
  comment   = {10.1145/99370.99373- Short mentioning of diff arrays
- Short intro to lists to arrays
- separation logic
- hnr},
  copyright = {Creative Commons Attribution 3.0 Unported license (CC-BY 3.0)},
  doi       = {10.4230/LIPICS.ITP.2019.22},
  file      = {:LIPIcs-ITP-2019-22.pdf:PDF},
  keywords  = {Computer Science, 000 Computer science, knowledge, general works},
  language  = {en},
  publisher = {Schloss Dagstuhl - Leibniz-Zentrum fuer Informatik GmbH, Wadern/Saarbruecken, Germany},
}

@InProceedings{Bloss1989,
  author    = {Adrienne Bloss},
  booktitle = {Proceedings of the fourth international conference on Functional programming languages and computer architecture - {FPCA} {\textquotesingle}89},
  title     = {Update analysis and the efficient implementation of functional aggregates},
  year      = {1989},
  publisher = {{ACM} Press},
  comment   = {- Diff array concept
- Heuristics of diff arr implementation},
  doi       = {10.1145/99370.99373},
  file      = {:99370.99373.pdf:PDF},
}

@Book{Okasaki_1998,
  author    = {Chris Okasaki},
  publisher = {Cambridge University Press},
  title     = {Purely Functional Data Structures},
  year      = {1998},
  month     = {4},
  doi       = {10.1017/cbo9780511530104},
  file      = {:purely-functional-data-structures.pdf:PDF},
}

@Article{Kumar2017,
  author    = {Ananya Kumar and Guy E. Blelloch and Robert Harper},
  journal   = {{ACM} {SIGPLAN} Notices},
  title     = {Parallel functional arrays},
  year      = {2017},
  month     = {5},
  number    = {1},
  pages     = {706--718},
  volume    = {52},
  doi       = {10.1145/3093333.3009869},
  file      = {:3093333.3009869.pdf:PDF},
  publisher = {Association for Computing Machinery ({ACM})},
}

@Article{Lammich_2017,
  author    = {Peter Lammich},
  journal   = {Journal of Automated Reasoning},
  title     = {Refinement to Imperative {HOL}},
  year      = {2017},
  month     = {10},
  number    = {4},
  pages     = {481--503},
  volume    = {62},
  comment   = {- hnr},
  doi       = {10.1007/s10817-017-9437-1},
  file      = {:Lammich2019_Article_RefinementToImperativeHOL.pdf:PDF},
  publisher = {Springer Science and Business Media {LLC}},
}

@Article{https://doi.org/10.48550/arxiv.cs/9301106,
  author    = {Paulson, Lawrence C.},
  title     = {Isabelle: The Next 700 Theorem Provers},
  year      = {1993},
  copyright = {Assumed arXiv.org perpetual, non-exclusive license to distribute this article for submissions made before January 2004},
  doi       = {10.48550/ARXIV.CS/9301106},
  file      = {:9301106.pdf:PDF},
  keywords  = {Logic in Computer Science (cs.LO), FOS: Computer and information sciences, F.3.1; F.4.1},
  publisher = {arXiv},
}

@Misc{wenzel2004isabelle,
  author = {Wenzel, Makarius and others},
  title  = {The isabelle/isar reference manual},
  year   = {2004},
  file   = {:isar-ref.pdf:PDF},
}

@InCollection{nipkow2013programming,
  author    = {Nipkow, Tobias},
  booktitle = {Technical report, University of Cambridge},
  title     = {Programming and proving in Isabelle/HOL},
  year      = {2013},
  file      = {:prog-prove.pdf:PDF},
}

@InCollection{Bulwahn_2008,
  author    = {Lukas Bulwahn and Alexander Krauss and Florian Haftmann and Levent Erk√∂k and John Matthews},
  booktitle = {Lecture Notes in Computer Science},
  publisher = {Springer Berlin Heidelberg},
  title     = {Imperative Functional Programming with Isabelle/{HOL}},
  year      = {2008},
  pages     = {134--149},
  doi       = {10.1007/978-3-540-71067-7_14},
  file      = {:Bulwahn2008_Chapter_ImperativeFunctionalProgrammin.pdf:PDF},
}

@InCollection{Wimmer_2018,
  author    = {Simon Wimmer and Shuwei Hu and Tobias Nipkow},
  booktitle = {Interactive Theorem Proving},
  publisher = {Springer International Publishing},
  title     = {Verified Memoization and Dynamic Programming},
  year      = {2018},
  pages     = {579--596},
  doi       = {10.1007/978-3-319-94821-8_34},
  file      = {:Memoization_DP.pdf:PDF},
}

@Article{Launchbury_1995,
  author    = {John Launchbury and Simon L Peyton Jones},
  journal   = {{LISP} and Symbolic Computation},
  title     = {State in Haskell},
  year      = {1995},
  month     = {12},
  number    = {4},
  pages     = {293--341},
  volume    = {8},
  doi       = {10.1007/bf01018827},
  publisher = {Springer Science and Business Media {LLC}},
}

@Article{Krauss_2010,
  author    = {Krauss, Alexander},
  title     = {Recursive Definitions of Monadic Functions},
  year      = {2010},
  copyright = {arXiv.org perpetual, non-exclusive license},
  doi       = {10.48550/ARXIV.1012.4895},
  keywords  = {Logic in Computer Science (cs.LO), FOS: Computer and information sciences, FOS: Computer and information sciences},
  publisher = {arXiv},
}

@Article{Bernardy_2017,
  author    = {Bernardy, Jean-Philippe and Boespflug, Mathieu and Newton, Ryan R. and Jones, Simon Peyton and Spiwack, Arnaud},
  title     = {Linear Haskell: practical linearity in a higher-order polymorphic language},
  year      = {2017},
  copyright = {Creative Commons Attribution 4.0 International},
  doi       = {10.48550/ARXIV.1710.09756},
  keywords  = {Programming Languages (cs.PL), FOS: Computer and information sciences, FOS: Computer and information sciences},
  publisher = {arXiv},
}

@article{Separation_Logic_Imperative_HOL-AFP,
  author  = {Peter Lammich and Rene Meis},
  title   = {A Separation Logic Framework for Imperative HOL},
  journal = {Archive of Formal Proofs},
  month   = {11},
  year    = {2012},
  note    = {\url{https://isa-afp.org/entries/Separation_Logic_Imperative_HOL.html},
            Formal proof development},
  ISSN    = {2150-914x},
}

@InProceedings{Reynolds,
  author    = {J.C. Reynolds},
  booktitle = {Proceedings 17th Annual {IEEE} Symposium on Logic in Computer Science},
  title     = {Separation logic: a logic for shared mutable data structures},
  year      = {2002},
  publisher = {{IEEE} Comput. Soc},
  doi       = {10.1109/lics.2002.1029817},
}

@InProceedings{Calcagno2007,
  author    = {Cristiano Calcagno and Peter W. O{\textquotesingle}Hearn and Hongseok Yang},
  booktitle = {22nd Annual {IEEE} Symposium on Logic in Computer Science ({LICS} 2007)},
  title     = {Local Action and Abstract Separation Logic},
  year      = {2007},
  publisher = {{IEEE}},
  doi       = {10.1109/lics.2007.30},
}

@misc{repo,
  author = {Balazs Toth},
  title = {Arrays in Isabelle - Repository},
  howpublished = "\url{https://github.com/balazstothofficial/arrays-in-isabelle}",
  year = {2022}
}

@article{bentley1984programming,
  title={Programming pearls: how to sort},
  author={Bentley, Jon},
  journal={Communications of the ACM},
  volume={27},
  number={4},
  pages={287--ff},
  year={1984},
  publisher={ACM New York, NY, USA}
}

@misc{list,
  author = {Tobias Nipkow},
  title = {List - Isabelle Standard Library},
  howpublished = "\url{https://github.com/seL4/isabelle/blob/master/src/HOL/List.thy}",
  year = {2022}
}

@Article{Pippenger_1997,
  author    = {Nicholas Pippenger},
  journal   = {{ACM} Transactions on Programming Languages and Systems},
  title     = {Pure versus impure Lisp},
  year      = {1997},
  month     = {3},
  number    = {2},
  pages     = {223--238},
  volume    = {19},
  doi       = {10.1145/244795.244798},
  publisher = {Association for Computing Machinery ({ACM})},
}

